% Bibliography file for The Augmented 4 Pty Ltd Business Plan
% Add citations here in BibTeX format.

@misc{placeholder,
  author = {Placeholder},
  title = {Placeholder Reference},
  year = {2024}
} 